@book{dweck2017mindset,
  title={Mindset: Changing The Way You think To Fulfil Your Potential},
  author={Dweck, C.},
  isbn={9781472139962},
  url={https://books.google.ch/books?id=ckoKDQAAQBAJ},
  url2={https://mindsetonline.com/},
  year={2017},
  publisher={Little, Brown Book Group}
}

@book{medina2009brain,
  title={Brain Rules: 12 Principles for Surviving and Thriving at Work, Home, and School},
  author={Medina, J.},
  isbn={9780979777745},
  lccn={2008921102},
  url={https://books.google.ch/books?id=fahHuAAACAAJ},
  url2={http://brainrules.net/},
  year={2009},
  publisher={Pear Press}
}

@book{miller2008einstein,
  title={Einstein, Picasso: Space, Time, and the Beauty That Causes Havoc},
  author={Miller, A.J. and Miller, J.},
  isbn={9780786723133},
  url={https://books.google.ch/books?id=VEPaSUitrDkC},
  year={2008},
  publisher={Basic Books}
}
